@article{ohnishi,
    author = {Ohnishi, et al., Yukiyoshi},
    title = "{Accelerator design at SuperKEKB}",
    journal = {Progress of Theoretical and Experimental Physics},
    volume = {2013},
    number = {3},
    year = {2013},
    month = {03},
    issn = {2050-3911},
    doi = {10.1093/ptep/pts083},
    url = {https://doi.org/10.1093/ptep/pts083},
    note = {03A011},
    eprint = {https://academic.oup.com/ptep/article-pdf/2013/3/03A011/4439973/pts083.pdf},
}

@article{Bevan,
    author = "Bevan, A. J. and others",
    collaboration = "BaBar, Belle",
    title = "{The Physics of the B Factories}",
    eprint = "1406.6311",
    archivePrefix = "arXiv",
    primaryClass = "hep-ex",
    reportNumber = "SLAC-PUB-15968, KEK-PREPRINT-2014-3, FERMILAB-PUB-14-262-T",
    doi = "10.1140/epjc/s10052-014-3026-9",
    journal = "Eur. Phys. J. C",
    volume = "74",
    pages = "3026",
    year = "2014"
}

@article{ALOK,
    author = "Alok, Ashutosh Kumar and Banerjee, Subhashish and Uma Sankar, S.",
    title = "{Re-examining sin2$\beta$ and $\Delta m_d$ from evolution of $B_d^0$ mesons with decoherence}",
    eprint = "1504.02893",
    archivePrefix = "arXiv",
    primaryClass = "hep-ph",
    doi = "10.1016/j.physletb.2015.07.061",
    journal = "Phys. Lett. B",
    volume = "749",
    pages = "94--97",
    year = "2015"
}

@article{Abe1,
    author = "Abe, Kazuo and others",
    collaboration = "Belle",
    title = "{Observation of large CP violation in the neutral $B$ meson system}",
    eprint = "hep-ex/0107061",
    archivePrefix = "arXiv",
    reportNumber = "KEK-PREPRINT-2001-50, BELLE-PREPRINT-2001-10",
    doi = "10.1103/PhysRevLett.87.091802",
    journal = "Phys. Rev. Lett.",
    volume = "87",
    pages = "091802",
    year = "2001"
}

@article{Abe2,
    author = "Abe, Kazuo and others",
    editor = "Chen, He-Sheng and Du, Dong-Sheng and Li, Wei-Guo and Lu, Cai-Dian",
    collaboration = "Belle",
    title = "{Improved measurement of CP-violation parameters sin 2phi(1) and |lambda|, B meson lifetimes, and B0 - anti-B0 mixing parameter Delta m(d)}",
    eprint = "hep-ex/0408111",
    archivePrefix = "arXiv",
    reportNumber = "BELLE-CONF-0436, ICHEP04-8-0683, BELLE-PRERPINT-2004-31, KEK-PREPRINT-2004-63",
    doi = "10.1103/PhysRevD.71.072003",
    journal = "Phys. Rev. D",
    volume = "71",
    pages = "072003",
    year = "2005",
    note = "[Erratum: Phys.Rev.D 71, 079903 (2005)]"
}


@techreport{belle,
      author        = "The Belle II Collaboration",
      title         = "{Belle II Technical Design Report}",
      number        = "arXiv:1011.0352. KEK REPORT 2010-1",
      month         = "Nov",
      year          = "2010",
      reportNumber  = "arXiv:1011.0352",
      url           = "http://cds.cern.ch/record/1304162",
      note          = "Comments: Edited by: Z. Dole\v{z}al and S. Uno",
}

@techreport{kekb,
      author        = "Toge, N",
      title         = "{KEK B-factory Design Report}",
      institution   = "KEK",
      address       = "Tsukuba",
      number        = "KEK-Report-95-7",
      year          = "1995",
      url           = "http://cds.cern.ch/record/475260",
}

@misc{nanobeam,
    title={SuperB: A High-Luminosity Asymmetric e+ e- Super Flavor Factory. Conceptual Design Report},
    author={SuperB Collaboration},
    year={2007},
    eprint={0709.0451},
    archivePrefix={arXiv},
    primaryClass={hep-ex}
}

@misc{coordinate,
    title="{Belle II Coordinate System and Guideline of Belle II Numbering Scheme}",
    author={Belle II Collaboration},
    year={2011},
}

@article{skb1,
    author = "Funakoshi, Yoshihiro and Ohnishi, Yukiyoshi",
    title = "{Highlights from SuperKEKB Commissioning Phase 1 and Plan for Phase 2}",
    journal = "ICFA Beam Dyn. Newslett.",
    volume = "72",
    pages = "11--19",
    year = "2017"
}

@article{lewis,
      author         = "Lewis, P. M. and others",
      title          = "{First Measurements of Beam Backgrounds at SuperKEKB}",
      journal        = "Nucl. Instrum. Meth.",
      volume         = "A914",
      year           = "2019",
      pages          = "69-144",
      doi            = "10.1016/j.nima.2018.05.071",
      eprint         = "1802.01366",
      archivePrefix  = "arXiv",
      primaryClass   = "physics.ins-det",
      reportNumber   = "AIDA-2020-PUB-2018-005",
      SLACcitation   = "%%CITATION = ARXIV:1802.01366;%%"
}

@article{liptak,
      author         = "Liptak, Z. J. and others",
      title          = "{Phase 2 forthcoming paper}",
      year           = "2021",
}

@article{natochii,
      author         = "Natochii, A. and others",
      title          = "{Phase 3 forthcoming paper}",
      year           = "2021",
}

@article{klm1,
title = "Performance of the endcap RPC in the Belle detector under high luminosity operation of the KEKB accelerator",
journal = "Nuclear Physics B - Proceedings Supplements",
volume = "158",
pages = "190 - 194",
year = "2006",
note = "Proceedings of the 8th International Workshop on Resistive Plate Chambers and Related Detectors",
issn = "0920-5632",
doi = "https://doi.org/10.1016/j.nuclphysbps.2006.07.013",
url = "http://www.sciencedirect.com/science/article/pii/S092056320600449X",
author = "Y. Hoshi and N. Kikuchi and T. Nagamine and K. Neichi and A. Yamaguchi",
}

@article{klm2,
  author={K. {Abe} and Y. {Hoshi} and T. {Nagamine} and K. {Neichi} and K. {Onodera} and T. {Takahashi} and A. {Yamaguchi} and H. {Yuta}},
  journal={IEEE Transactions on Nuclear Science}, 
  title={Neutron sensitivity of the endcap RPC modules in Belle detector}, 
  year={2003},
  volume={50},
  number={4},
  pages={831-835},}
  
@article{klm3,
   title={A scintillator based endcap KL and muon detector for the Belle II experiment},
   volume={789},
   ISSN={0168-9002},
   url={http://dx.doi.org/10.1016/j.nima.2015.03.060},
   DOI={10.1016/j.nima.2015.03.060},
   journal={Nuclear Instruments and Methods in Physics Research Section A: Accelerators, Spectrometers, Detectors and Associated Equipment},
   publisher={Elsevier BV},
   author={Aushev, T. and Besson, D.Z. and Chilikin, K. and Chistov, R. and Danilov, M. and Katrenko, P. and Mizuk, R. and Pakhlova, G. and Pakhlov, P. and Rusinov, V. and et al.},
   year={2015},
   month={Jul},
   pages={134?142}
}

@article{nygren,
	author = {Nygren,David R. and Marx,Jay N.},
	title = {The Time Projection Chamber},
	journal = {Physics Today},
	volume = {31},
	number = {10},
	pages = {46-53},
	year = {1978},
	doi = {10.1063/1.2994775},
	URL = {https://doi.org/10.1063/1.2994775},
	eprint = { https://doi.org/10.1063/1.2994775}
}

@article{vahsenD3,
	author = "Vahsen, S.E. and others",
	title = {The Directional Dark Matter Detector (D3)},
	DOI= "10.1051/eas/1253006",
	url= "https://doi.org/10.1051/eas/1253006",
	journal = {EAS Publications Series},
	year = 2012,
	volume = 53,
	pages = "43-50",
}


@article{vahsen3d,
author = {Vahsen, Sven and Hedges, M.T. and Jaegle, Igal and Ross, S.J. and Seong, I.S. and Thorpe, Tom and Yamaoka, J. and Kadyk, J.A. and Garcia-Sciveres, M.},
year = {2015},
month = {03},
pages = {},
title = {3-D Tracking in a Miniature Time Projection Chamber},
volume = {788},
journal = {Nuclear Instruments and Methods in Physics Research Section A Accelerators Spectrometers Detectors and Associated Equipment},
doi = {10.1016/j.nima.2015.03.009}
}

@article{Jaegle,
   title={Compact, directional neutron detectors capable of high-resolution nuclear recoil imaging},
   volume={945},
   ISSN={0168-9002},
   url={http://dx.doi.org/10.1016/j.nima.2019.06.037},
   DOI={10.1016/j.nima.2019.06.037},
   journal={Nucl. Instrum. Methods Phys. Res., A},
   author="Jaegle, I. and others",
   year={2019},
   month={Nov},
   pages={162296}
}

@article{ATLAS1,
	doi = {10.1088/1748-0221/7/11/p11010},
	url = {https://doi.org/10.1088%2F1748-0221%2F7%2F11%2Fp11010},
	year = 2012,
	month = {nov},
	publisher = {{IOP} Publishing},
	volume = {7},
	number = {11},
	pages = {P11010--P11010},
	author = {The ATLAS IBL collaboration},
	title = {Prototype {ATLAS} {IBL} modules using the {FE}-I4A front-end readout chip},
	journal = {Journal of Instrumentation},
}

@article{ATLAS2,
	doi = {10.1088/1748-0221/13/05/t05008},
	url = {https://doi.org/10.1088%2F1748-0221%2F13%2F05%2Ft05008},
	year = 2018,
	month = {may},
	publisher = {{IOP} Publishing},
	volume = {13},
	number = {05},
	pages = {T05008--T05008},
	author = {The ATLAS IBL collaboration},
	title = {Production and integration of the {ATLAS} Insertable B-Layer},
	journal = {Journal of Instrumentation},
}

@article{SRIM,
title = "SRIM--The stopping and range of ions in matter (2010)",
journal = "Nuclear Instruments and Methods in Physics Research Section B: Beam Interactions with Materials and Atoms",
volume = "268",
number = "11",
pages = "1818 - 1823",
year = "2010",
note = "19th International Conference on Ion Beam Analysis",
issn = "0168-583X",
doi = "https://doi.org/10.1016/j.nimb.2010.02.091",
url = "http://www.sciencedirect.com/science/article/pii/S0168583X10001862",
author = "James F. Ziegler and M.D. Ziegler and J.P. Biersack",
keywords = "SRIM, Ion stopping, Stopping power, Stopping force, Ion range",
}

@phdthesis{hedges,
  author       = {Michael Hedges}, 
  title        = {Performance and First Deployment of Novel 3D Nuclear Recoil Detectors},
  school       = {University of Hawaii},
  year         = 2018,
  address      = {http://hdl.handle.net/10125/62684},
  month        = 12,
}

@phdthesis{deJong,
  author       = {Samuel de Jong}, 
  title        = {Study of Thermal Neutron Flux from SuperKEKB in the Belle II Commissioning Detector},
  school       = {University of Victoria},
  year         = 2017,
  address      = {https://dspace.library.uvic.ca//handle/1828/8203},
}

@book{giantres1,
  author    = {Bortignon P.F., Bracco A., Broglia R.A.}, 
  title     = {Giant Resonances, in: Contemporary Concepts in Physics},
  publisher = {CRC Press},
  year      = 1998,
  volume    = 10,
}

@article{giantres2,
title = "Giant dipole resonance neutron yields produced by electrons as a function of target material and thickness",
journal = "Health Phys",
volume = "70",
pages = "207 - 214",
year = "1996",
doi = "http://dx.doi.org/10.1097/00004032-199602000-00008",
}

@article{suetsugu,
  title = {First commissioning of the SuperKEKB vacuum system},
  author = {Suetsugu, Y. and Shibata, K. and Ishibashi, T. and Kanazawa, K. and Shirai, M. and Terui, S. and Hisamatsu, H.},
  journal = {Phys. Rev. Accel. Beams},
  volume = {19},
  issue = {12},
  pages = {121001},
  numpages = {13},
  year = {2016},
  month = {Dec},
  publisher = {American Physical Society},
  doi = {10.1103/PhysRevAccelBeams.19.121001},
  url = {https://link.aps.org/doi/10.1103/PhysRevAccelBeams.19.121001}
}

@misc{piwinski,
    title={The Touschek Effect in Strong Focusing Storage Rings},
    author={A. Piwinski},
    year={1999},
    eprint={physics/9903034},
    archivePrefix={arXiv},
    primaryClass={physics.acc-ph}
}

@misc{sad,
  title        = {Strategic Accelerator Design},
  note         = {Available at http://acc-physics.kek.jp/SAD/}
}

@article{geant,
title = "Geant4—a simulation toolkit",
journal = "Nuclear Instruments and Methods in Physics Research Section A: Accelerators, Spectrometers, Detectors and Associated Equipment",
volume = "506",
number = "3",
pages = "250 - 303",
year = "2003",
issn = "0168-9002",
doi = "https://doi.org/10.1016/S0168-9002(03)01368-8",
url = "http://www.sciencedirect.com/science/article/pii/S0168900203013688",
author = "S. Agostinelli et al.",
}

@ARTICLE{geant2,

  author="J. Allison et al.",

  journal={IEEE Transactions on Nuclear Science}, 

  title={Geant4 developments and applications}, 

  year={2006},

  volume={53},

  number={1},

  pages={270-278},

  doi={10.1109/TNS.2006.869826}}

@article{geant3,
title = "Recent developments in Geant4",
journal = "Nuclear Instruments and Methods in Physics Research Section A: Accelerators, Spectrometers, Detectors and Associated Equipment",
volume = "835",
pages = "186 - 225",
year = "2016",
issn = "0168-9002",
doi = "https://doi.org/10.1016/j.nima.2016.06.125",
url = "http://www.sciencedirect.com/science/article/pii/S0168900216306957",
author = "J. Allison et al.",
}


@article{basf2,
  title = {The Belle II Core Software},
  author = {Kuhr, T. and Pulvermacher, C. and Ritter, M. and Hauth, T. and Braun, N.},
  journal = {Computing and Software for Big Science},
  volume = {3},
  issue = {1},
  year = {2018},
  month = {Nov},
  publisher = {Springer},
  doi = {10.1007/s41781-018-0017-9},
  url = {https://link.springer.com/article/10.1007/s41781-018-0017-9}
}

@article{Torben,
      author       = "Torben Ferber and Phillip Urquijo",
      title        = "Overview of the Belle II Physics Generators",
      month        = "Jun",
      year         = "2015",
}

@misc{pybar,
  author = "J.  Janssen  and  D.L. Pohl",
  title = "pyBAR  -  Bonn  ATLAS  Readout  in  Python",
  url = "https://github.com/SiLab-Bonn/pybar",
  }

@misc{garfield,
  title        = {Garfield++},
  author   = {Veenhof, Rob, and H. Schindler},
  year      = {2018},
  url = "https://garfieldpp.web.cern.ch/garfieldpp/",
}

@misc{EPICS,
  title        = {Experimental Physics and Industrial Control System},
  note   = {Available at https://epics.anl.gov},
}

@inproceedings{park,
    author = "Park, Seokhee and Kwon, Youngjoon and Nakao, Mikihiko and Sadaharu, Uehara and Konno, Tomoyuki",
    title = "{Environmental Monitoring for Belle II}",
    booktitle = "{21st IEEE Real Time Conference}",
    eprint = "1806.08933",
    archivePrefix = "arXiv",
    primaryClass = "physics.ins-det",
    month = "6",
    year = "2018"}

@MastersThesis{Ahlburg,
    author     =     {Ahlburg Patrick},
    title     =     {{Development of a FE-I4-based module for radiation monitoring with BEAST II
during the commissioning phase of the Belle II detector}},
    school     =     {Universit\"{a}t Bonn},
    year     =     {2016},
    }
    
@proceedings{gagun,
  title = {Pearson's Chi-Square Test Modifications for Comparison of Unweighted and Weighted Histograms and Two Weighted Histograms},
  booktitle ={Proceedings of XI International Workshop on Advanced Computing and Analysis Techniques in Physics Research},
  publisher =    {PoS(ACAT)060}
  venue =        {Amsterdam},
  month =        Apr,
  year =         {2007},
  url =         {https://pos.sissa.it/050/060/pdf},
}

@article{ENDF,
title = "ENDF/B-VII.1 Nuclear Data for Science and Technology: Cross Sections, Covariances, Fission Product Yields and Decay Data",
journal = "Nuclear Data Sheets",
volume = "112",
number = "12",
pages = "2887 - 2996",
year = "2011",
note = "Special Issue on ENDF/B-VII.1 Library",
issn = "0090-3752",
doi = "https://doi.org/10.1016/j.nds.2011.11.002",
url = "http://www.sciencedirect.com/science/article/pii/S009037521100113X",
author = "M.B., et al., Chadwick",
}

@misc{JEFF,
title = "Update of the Evaluated Neutron Cross Section Libraries for the Geant4 Code",
author = "E. Mendoza and D. Cano-Ott",
publisher = "International Atomic Energy Agency",
month = "June",
year = "2018",
url = "https://inis.iaea.org/collection/NCLCollectionStore/_Public/50/006/50006622.pdf",
}

@article{natochii2,
      author         = "Natochii, A. and Vahsen, S.E. and Nakayama, H. and Ishibashi, T. and Terui, S.",
      title          = "{Improved simulation of beam backgrounds and collimation at SuperKEKB}",
      year           = "2021",
      note = "Forthcoming publication",
}

@article{Berends,
title = "Complete lowest-order calculations for four-lepton final states in electron-positron collisions",
journal = "Nuclear Physics B",
volume = "253",
pages = "441-463",
year = "1985",
author = "F.A., et al., Berends",
}

@article{Kleiss,
title = "\texttt{BBBREM}---Monte Carlo simulation of radiative Bhabha scattering in the very forward direction",
journal = "Computer Physics Communications",
volume = "81",
number = "3",
pages = "372-380",
year = "1994",
author = "R., et al., Kleiss",
}

@article{Jadach,
title = "\texttt{BHWIDE} 1.00:$\mathcal{O}(\alpha)$ YFS exponentiated Monte Carlo for Bhabha scattering at wide angles for LEP1/SLC and LEP2",
journal = "Physics Letters B",
volume = "390",
number = "1-4",
pages = "298-308",
year = "1997",
author = "S., et al., Jadach",
}

@misc{Magboltz,
  title        = {Magboltz-transport of electrons in gas mixtures},
  note         = {Available at https://magboltz.web.cern.ch/magboltz/},
  author = "Biagi, Stephen",
}